@article{MSTSPEC,
	author = "Pieter van de Bruggen",
	year = "2010",
	title = "The Mustache spec",
	url = https://github.com/mustache/spec
}
