% !TEX root = thesis.tex
@manual{MSTSPEC,
	label = {MSTSPEC},
	author = {Pieter van de Bruggen},
	date = {2010},
	title = {The Mustache spec},
	url = {https://github.com/mustache/spec/tree/72233f3ffda9e33915fd3022d0a9ebbcce265acd},
	note = {A tinyurl for easy typing: \url{http://tinyurl.com/mustache-spec}},
}
@manual{XMLSPEC,
	author = {Tim Bray and Jean Paoli and C. M. Sperberg-McQueen and Eve Maler and Fran√ßois Yergeau and John Cowan},
	date = {2006},
	title = {Extensible Markup Language (XML) 1.1 (Second Edition)},
	url = {http://www.w3.org/TR/2006/REC-xml11-20060816/},
}
@manual{HTMLSPEC,
	author = {Robin Berjon and Travis Leithead and Erika Doyle Navara and Edward O'Connor and Silvia Pfeiffer and Ian Hickson},
	date = {2012},
	title = {A vocabulary and associated APIs for HTML and XHTML},
	url = {http://www.w3.org/TR/2012/WD-html5-20121025/},
}
@manual{PARSECDOC,
	author = {Daan Leijen and Paolo Martini},
	date = {2012},
	title = {The parsec package},
	url = {http://hackage.haskell.org/packages/archive/parsec/3.1.3},
}
@book{UXP,
	author = {Mike Gancarz},
	year = {1994},
	title = {The Unix Philosophy},
  publisher = {Digital Press},
}
@book{UXART,
	author = {Eric Steven Raymond},
	year = {2003},
	title = {The Art of Unix Programming},
	publisher = {Addison-Wesley},
	note = {Available online at \url{http://www.faqs.org/docs/artu/index.html}},
}
